<?xml version="1.0" encoding="UTF-8"?><record xmlns="http://www.loc.gov/MARC21/slim" xmlns:cinclude="http://apache.org/cocoon/include/1.0" xmlns:zs="http://www.loc.gov/zing/srw/">
  <leader>00504nz  a2200145n  4500</leader>
  <controlfield tag="001">n 2015238269</controlfield>
  <controlfield tag="003">DLC</controlfield>
  <controlfield tag="005">20151028113333.0</controlfield>
  <controlfield tag="008">151027n| azannaabn          |n aaa      </controlfield>
  <datafield tag="010" ind1=" " ind2=" ">
    <subfield code="a">n 2015238269</subfield>
  </datafield>
  <datafield tag="040" ind1=" " ind2=" ">
    <subfield code="a">DLC</subfield>
    <subfield code="b">eng</subfield>
    <subfield code="c">DLC</subfield>
    <subfield code="e">rda</subfield>
  </datafield>
  <datafield tag="100" ind1="1" ind2=" ">
    <subfield code="a">Chagas, Reimy Solange</subfield>
  </datafield>
  <datafield tag="373" ind1=" " ind2=" ">
    <subfield code="a">Pontifícia Universidade Católica de São Paulo</subfield>
    <subfield code="2">naf</subfield>
  </datafield>
  <datafield tag="374" ind1=" " ind2=" ">
    <subfield code="a">Clinical psychologists</subfield>
    <subfield code="2">lcsh</subfield>
  </datafield>
  <datafield tag="670" ind1=" " ind2=" ">
    <subfield code="a">A união faz a força, 2014:</subfield>
    <subfield code="b">t.p. (Reimy Solange Chagas) back flap (doctoral degree, psychology, in process, PUCSP)</subfield>
  </datafield>
</record>